<record><leader>00000cas a2200000 a 4500</leader><controlfield tag="001">38031657</controlfield><controlfield tag="008">971203d18911uuumiudn n       0    0eng c</controlfield><datafield ind1=" " ind2=" " tag="010"><subfield code="a">sn 97070797 </subfield></datafield><datafield ind1=" " ind2=" " tag="040"><subfield code="a">MHN</subfield><subfield code="b">eng</subfield><subfield code="c">MHN</subfield><subfield code="d">OCL</subfield><subfield code="d">MHN</subfield><subfield code="d">OCLCQ</subfield><subfield code="d">OCLCF</subfield><subfield code="d">OCLCO</subfield></datafield><datafield ind1="1" ind2=" " tag="029"><subfield code="a">AU@</subfield><subfield code="b">000013654480</subfield></datafield><datafield ind1=" " ind2=" " tag="042"><subfield code="a">pcc</subfield></datafield><datafield ind1=" " ind2=" " tag="043"><subfield code="a">n-us-mi</subfield></datafield><datafield ind1="0" ind2=" " tag="130"><subfield code="a">Daily press (Ishpeming, Mich.)</subfield></datafield><datafield ind1="1" ind2="4" tag="245"><subfield code="a">The daily press.</subfield></datafield><datafield ind1=" " ind2=" " tag="260"><subfield code="a">Ishpeming, Mich. :</subfield><subfield code="b">Horace J. Stevens</subfield></datafield><datafield ind1=" " ind2=" " tag="300"><subfield code="a">v.</subfield></datafield><datafield ind1=" " ind2=" " tag="310"><subfield code="a">Daily</subfield></datafield><datafield ind1="1" ind2=" " tag="362"><subfield code="a">Began in 1891.</subfield></datafield><datafield ind1=" " ind2=" " tag="500"><subfield code="a">Numbering designation taken from publishers block.</subfield></datafield><datafield ind1=" " ind2=" " tag="515"><subfield code="a">No issue published: Jan. 1, 1892.</subfield></datafield><datafield ind1=" " ind2=" " tag="588"><subfield code="a">Description based on: 1st yr., no. 191 (Sept. 1, 1891).</subfield></datafield><datafield ind1=" " ind2="0" tag="651"><subfield code="a">Ishpeming (Mich.)</subfield><subfield code="v">Newspapers.</subfield></datafield><datafield ind1=" " ind2="0" tag="651"><subfield code="a">Marquette County (Mich.)</subfield><subfield code="v">Newspapers.</subfield></datafield><datafield ind1=" " ind2="7" tag="655"><subfield code="a">Newspapers.</subfield><subfield code="2">fast</subfield><subfield code="0">(OCoLC)fst01423814</subfield></datafield><datafield ind1=" " ind2="7" tag="651"><subfield code="a">Michigan</subfield><subfield code="z">Ishpeming.</subfield><subfield code="2">fast</subfield><subfield code="0">(OCoLC)fst01231534</subfield></datafield><datafield ind1=" " ind2="7" tag="651"><subfield code="a">Michigan</subfield><subfield code="z">Marquette County.</subfield><subfield code="2">fast</subfield><subfield code="0">(OCoLC)fst01213518</subfield></datafield><datafield ind1=" " ind2=" " tag="752"><subfield code="a">United States</subfield><subfield code="b">Michigan</subfield><subfield code="c">Marquette</subfield><subfield code="d">Ishpeming.</subfield></datafield><datafield ind1="0" ind2="0" tag="780"><subfield code="t">Ishpeming daily press</subfield><subfield code="w">(DLC)sn2001061712</subfield><subfield code="w">(OCoLC)47116892</subfield></datafield></record>